@inproceedings{Sharma,
	title={A review of sensor networks: Technologies and applications},
	author={Sharma, Hemraj and Sharma, Sukesha},
	booktitle={2014 Recent Advances in Engineering and Computational Sciences (RAECS)},
	pages={1--4},
	year={2014},
	organization={IEEE}
}

@article{Zhou,
	title={{SCaNME: Location tracking system in large-scale campus Wi-Fi environment using unlabeled mobility map}},
	author={Zhou, Mu and Tian, Zengshan and Xu, Kunjie and Yu, Xiang and Hong, Xia and Wu, Haibo},
	journal={Expert Systems with Applications},
	volume={41},
	number={7},
	pages={3429--3443},
	year={2014},
	publisher={Elsevier}
}

@inproceedings{Bonne,
	title={{WiFiPi: Involuntary tracking of visitors at mass events}},
	author={Bonn{\'e}, Bram and Barzan, Arno and Quax, Peter and Lamotte, Wim},
	booktitle={World of Wireless, Mobile and Multimedia Networks (WoWMoM), 2013 IEEE 14th International Symposium and Workshops},
	pages={1--6},
	year={2013},
	organization={IEEE}
}
@article{Atkinson,
	title={{Your WiFi is leaking: What do your mobile apps gossip about you?}},
	author={Atkinson, John S and Mitchell, John E and Rio, Miguel and Matich, George},
	journal={Future Generation Computer Systems},
	year={2016},
	publisher={Elsevier}
}
@article{Cunche,
	title={Linking wireless devices using information contained in Wi-Fi probe requests},
	author={Cunche, Mathieu and Kaafar, Mohamed-Ali and Boreli, Roksana},
	journal={Pervasive and Mobile Computing},
	volume={11},
	pages={56--69},
	year={2014},
	publisher={Elsevier}
}

@inproceedings{Konings,
	title={{Entity tracking within a Zigbee based smart home}},
	author={Konings, Daniel and Budel, Andre and Alam, Fakhrul and Noble, Frazer},
	booktitle={2016 23rd International Conference on Mechatronics and Machine Vision in Practice (M2VIP)},
	pages={1--6},
	year={2016},
	note={},
	organization={IEEE}
}

@inproceedings{Greenstein,
	title={{Can Ferris Bueller still have his day off? Protecting privacy in the wireless era.}},
	author={Greenstein, Ben and Gummadi, Ramakrishna and Pang, Jeffrey and Chen, Mike Y and Kohno, Tadayoshi and Seshan, Srinivasan and Wetherall, David},
	booktitle={HotOS},
	pages = {1--6},
	year={2007}
}

@inproceedings{RoseTrack,
	title={{BlueFinder: A range-finding tool for Bluetooth classic and low energy}},
	author={Rose, Anthony and Del Arroyo, Jose Guiterrez and Bindewald, Jason and Ramsey, Benjamin},
	booktitle={Proceedings of the 12th International Conference on Cyber Warfare and Security},
	pages={303--312},
	year={2017},
	organization={Academic Conferences and publishing limited}
}

@inproceedings{GuiterrezIndustrial,
	title={{Securing Bluetooth Low Energy enabled industrial monitors}},
	author={del Arroyo, Jose Gutierrez and Bindewald, Jason and Ramsey, Benjamin},
	booktitle={Proceedings of the 12th International Conference on Cyber Warfare and Security},
	pages={167--176},
	year={2017},
	organization={Academic Conferences and publishing limited}
}

@inproceedings{Das,
	title={{Uncovering privacy leakage in BLE network traffic of wearable fitness trackers}},
	author={Das, Aveek K and Pathak, Parth H and Chuah, Chen-Nee and Mohapatra, Prasant},
	booktitle={Proceedings of the 17th International Workshop on Mobile Computing Systems and Applications},
	pages={99--104},
	year={2016},
	organization={ACM}
}

@article{Versichele,
	title={{Pattern mining in tourist attraction visits through association rule learning on Bluetooth tracking data: A case study of Ghent, Belgium}},
	author={Versichele, Mathias and De Groote, Liesbeth and Bouuaert, Manuel Claeys and Neutens, Tijs and Moerman, Ingrid and Van de Weghe, Nico},
	journal={Tourism Management},
	volume={44},
	pages={67--81},
	year={2014},
	publisher={Elsevier}
}

@article{GutierrezMulti,
	title={{Enabling Bluetooth Low Energy auditing through synchronized tracking of multiple connections}},
	author={del Arroyo, Jose Gutierrez and Bindewald, Jason and Graham, Scott and Rice, Mason},
	journal={International Journal of Critical Infrastructure Protection},
	year={2017},
	publisher={Elsevier}
}

@inproceedings{Fawaz,
	title={{Protecting privacy of BLE device users}},
	author={Fawaz, Kassem and Kim, Kyu-Han and Shin, Kang G},
	booktitle={25th USENIX Security Symposium},
	pages={1205--1221},
	year={2016}
}
@article{Gruteser,
	title={{Enhancing location privacy in wireless LAN through disposable interface identifiers: A quantitative analysis}},
	author= {Gruteser, Marco and Grunwald, Dirk},
	journal={Mobile Networks and Applications},
	volume={10},
	number={3},
	pages={315--325},
	year={2005},
	publisher={Springer-Verlag New York, Inc.}
}

@article{Rivest,
	title={{Chaffing and winnowing: Confidentiality without encryption}},
	author={Rivest, Ronald},
	journal={CryptoBytes (RSA laboratories)},
	volume={4},
	number={1},
	pages={12--17},
	year={1998}
}

@book{rHeydon,
	title={Bluetooth Low Energy: The Developer's Handbook},
	author={Heydon, Robin},
	volume={1},
	year={2013},
	publisher={Prentice Hall},
	address={Upper Saddle River, NJ},
}


@book{kurose,
	author={Kurose, James and Ross, Keith},
	title={Computer Networking A Top-Down Approach Featuring the Internet},
	publisher={Pearson Education, Inc.},
	year={2017},
	address={Boston, MA},
	edition={7th}
}

@book{skoudisCounter,
	title={Counter Hack Reloaded: A Step-by-Step Guide to Computer Attacks and Effective Defenses},
	author={Skoudis, Ed and Liston, Tom},
	year={2006},
	publisher={Prentice Hall Press},
	address={Upper Saddle River, NJ},
	edition={2nd}
}

@inproceedings{Badenhop,
	title={{Evaluating ITU-T G.9959 based wireless systems used in critical infrastructure assets}},
	author={Badenhop, Christopher and Fuller, Jonathan and Hall, Joseph and Ramsey, Benjamin and Rice, Mason},
	booktitle={International Conference on Critical Infrastructure Protection},
	pages={209--227},
	year={2015},
	organization={Springer}
}


@manual{sig4.0,
	title = {Specification of the Bluetooth System},
	organization =  {Core Version 4.0},
	year = {2010},
	url = {www.bluetooth.com/specifications/adopted-specifications/legacy-specifications.}, 
	note = {accessed Aug 27, 2017}
}

@manual{sig4.2,
	title = {Specification of the Bluetooth System},
	organization =  {Core Version 4.2},
	year = {2014},
	url = {www.bluetooth.com/specifications/bluetooth-core-specification.},
	note = {accessed Aug 30, 2017}
}

@manual{sig5.0,
	title = {Specification of the Bluetooth System},
	organization =  {Core Version 5.0},
	year = {2016},
	url = {www.bluetooth.com/specifications/bluetooth-core-specification.},
	note = {accessed Aug 30, 2017}
}

@manual{802.11,
	title = {Wireless LAN Medium Access Control, MAC, and Physical Layer, PHY, Specification},
	organization = {IEEE Standard 802.11},
	year = {2016},
	url = {ieeexplore.ieee.org/browse/standards/get-program/page/series?id=68.},
	note = {Accessed Aug 27, 2017}
}

@misc{ubertooth,
	author = {M. Ossman and D. Spill},
	title = {{Project Ubertooth: An open source 2.4 GHz wireless development platform suitable for Bluetooth experimentation}},
	year = {2014},
	note = {accessed Sep 5, 2017},
	url = {www.ubertooth.sourceforge.net.}
}

@misc{bluez,
	author = {{BlueZ Project}},
	title = {{BlueZ: Official Linux Bluetooth protocol stack}},
	year = {2016},
	note = {accessed Aug 27, 2017},
	url = {www.bluez.org.}
}

@misc{tcpdump,
	author = {Van Jacobson and Craig Leres and Steven McCanne},
	title = {TCPDump manual page},
	year = {2017},
	note = {accessed Dec 8, 2017},
	url = {www.tcpdump.org/tcpdump\_man.html.}
}

@misc{scapy,
	author = {G. Valadon and P. Lalet},
	title = {{Scapy: The Python-based interactive packet manipulation program and library}},
	year = {2016},
	url = {secdev.org/projects/scapy},
	note = {accessed Dec 8, 2017.}
}

@misc{plugable,
	author = {{Plugable Technologies}},
	title = {{Plugable USB 2.0 Bluetooth Adapter}},
	year = {2016},
	note = {accessed Dec 8, 2017},
	url = {www.plugable.com/products/usb-bt4le/.}
}

@misc{rasbperry,
	author = {{Raspberry Pi Foundation}},
	title = {{Raspberry Pi 3 Model B Specifications}},
	year = {2016},
	note = {accessed Aug 30, 2017},
	url = {www.raspberrypi.org/products/raspberry-pi-3-model-b/.}
}

@misc{homebridge,
	author = {nfarina},
	title = {Homebridge},
	year = {2015},
	note = {accessed Aug 30, 2017},
	url = {www.github.com/nfarina/homebridge/.}
}

@misc{ouiLookup,
	author = {Wireshark},
	title = {{OUI Lookup Tool}},
	year = {2015},
	url = {www.wireshark.org/tools/oui-lookup.html.},
	note = {accessed Dec 28, 2017}
}

@misc{pyshark,
	author = {KimiNewt},
	title = {Pyshark},
	year = {2017},
	note = {accessed Aug 30, 2017},
	url = {www.github.com/KimiNewt/pyshark.}
}

@misc{wemo,
	author = {devbobo},
	title = {homebridge-platform-wemo},
	year = {2017},
	note = {accessed Aug 30, 2017},
	url= {www.npmjs.com/package/homebridge-platform-wemo/.}
}

@misc{Pwnie,
	author = {{Pwnie Express}},
	title = {{Blue Hydra}},
	year = {2016},
	note = {accessed Aug 30, 2017},
	url = {www.github.com/pwnieexpress/blue-hydra/.}
}

@misc{RoseLocks,
	author = {A. Rose and B. Ramsey},
	title = {{Picking Bluetooth Low Energy locks from a quarter mile away}},
	year = {2016},
	note = {Presented at DEF CON 24, accessed Aug 30, 2017},
	url = {www.media.defcon.org/DEF\%20CON\%2024/DEF\%20CON\%2024\%20
	presentations/.}
}

@misc{Skoudis,
	author = {E. Skoudis},
	title = {{Internet of things, Voice Control, AI, and Office Automation}},
	year = {2016},
	note = {Presented at DerbyCon, accessed Dec 8, 2017},
	url = {www.irongeek.com/i.php?page=videos/derbycon6/.}
}

@misc{Madrigal,
	author = {C. Madrigal},
	title = {{Tracking/Monitoring WiFi devices without being connected to any network}},
	year = {2017},
	note = {presented at Cyphercon 2.0. Accessed Dec 8, 2017}, 
	url = {www.irongeek.com/i.php?page=videos/cyphercon2/.}
}

@misc{Jourdois,
	author = {S. Jourdois},
	title = {{BtleJuice: Bluetooth smart (LE) man-in-the-middle framework}},
	year = {2016},
	note = {accessed Aug 30, 2017},
	url = {www.github.com/DigitalSecurity/btlejuice.}
}

@misc{Slawomir,
	author = {J. Slawomir},
	title = {{A Node.js package for BLE using man-in-the-middle and other attacks}},
	year = {2016},
	note = {accessed Aug 30, 2017},
	url = {www.github.com/securing/gattacker.}
}

@misc{consumerTech,
	author = {{Consumer Technology Association}},
	title = {{2018 tech industry revenue to reach record \$351 billion, says CTA}},
	year = {2018},
	note = {Accessed Jan 7, 2018},
	url = {www.cta.tech/News/Press-Releases/2018/January/2018-Tech-Industry-Revenue-to-Reach-Record-\$351-Bi.aspx.}
}

@misc{iphone8,
	author = {{Apple}},
	title = {{iPhone 8 Tech Specs}},
	year = {2017},
	note = {Accessed Feb 11, 2018},
	url = {www.apple.com/iphone-8/specs/.}
}

@misc{strava,
	author = {Andrew Liptak},
	title = {{Strava's fitness tracker heat map reveals the location of military bases}},
	year = {2018},
	note = {Accessed Feb 11, 2018},
	url = {www.theverge.com/2018/1/28/16942626/strava-fitness-tracker-heat-map-military-base-internet-of-things-geolocation.}
}

@article{brooks,
	title={Security Issues and Resulting Security Policies for Mobile Devices},
	author={Brooks, Jason L and Goss, Jason A},
	year={2013},
	publisher={Monterey, California. Naval Postgraduate School},
	note = {accessed Feb 11, 2018},
	url = {www.dtic.mil/dtic/tr/fulltext/u2/a579735.pdf.}
}

@misc{bug270,
	author = {Nerade},
	title = {{Ubertooth BTLE freezes on CONNECT\_REQ}},
	year = {2017},
	note = {accessed Dec 28, 2017},
	url = {www.github.com/greatscottgadgets/ubertooth/issues/270.}
}

@misc{bug251,
	author = {GimliSonOfGloin},
	title = {{Time inconsistency in Ubertooth host tools}},
	year = {2017},
	note = {accessed Dec 28, 2017}, 
	url = {www.github.com/greatscottgadgets/ubertooth/issues/251.}
}

@article{igraph,
	author = {K. Ognyanova},
	title = {{Network visualization with R}},
	journal = {PolNet 2017 workshop},
	year = {2017},
	note = {accessed Dec 28, 2017},
	url = {www.kateto.net/wp-content/uploads/2017/06/Polnet%202017%20R%20Network%20Visualization%20Workshop.pdf.}
}

@misc{antenna,
	title = {{Isolation between antennas of IMT base stations in the land mobile service}},
	author =  {{Radiocommunication Sector of ITU}},
	year = {2011},
	number = {M.2244},
	url = {www.itu.int/dms_pub/itu-r/opb/rep/R-REP-M.2244-2011-PDF-E.pdf.}, 
	note = {accessed Dec 27, 2017}
}

@misc{gao,
title = {{Internet of Things: Enhanced Assessments and Guidance Are Needed to Address Security Risks in DOD}},
author = {{United States Government Accountability Office}},
year = {2017},
number = {GAO-17-668},
url = {www.gao.gov/assets/690/686203.pdf.},
note = {accessed Feb 11, 2018}
}
